
@MISC{ cambridge-semantics,
  title ={Semantic University},
  publisher = {Cambridge Semantics},
  year = {2021},
  url = {https://cambridgesemantics.com/blog/semantic-university/intro-semantic-web},
}

@MISC{ nng-study,
  title ={The State of Ecommerce Search},
  publisher = {Nielsen Norman Group},
  year = {2018},
  url = {https://www.nngroup.com/articles/state-ecommerce-search},
}

@MISC{ facets-explained-image,
  title ={What is faceted search},
  publisher = {Stackoverflow},
  year = {2018},
  url = {https://stackoverflow.com/questions/5321595/what-is-faceted-search},
}
