@MISC{ cambridge-semantics,
  title ={Semantic University},
  publisher = {Cambridge Semantics},
  year = {2021},
  url = {https://cambridgesemantics.com/blog/semantic-university/intro-semantic-web},
}

@MISC{ nng-study,
  title ={The State of Ecommerce Search},
  publisher = {Nielsen Norman Group},
  year = {2018},
  url = {https://www.nngroup.com/articles/state-ecommerce-search},
}

@MISC{ facets-explained-image,
  title ={What is faceted search},
  publisher = {Stackoverflow},
  year = {2018},
  url = {https://stackoverflow.com/questions/5321595/what-is-faceted-search},
}

@MISC{ fulltextove-vyhledavani,
  title ={Fulltextové vyhledávání},
  publisher = {Wikipedia},
  year = {2021},
  url = {https://cs.wikipedia.org/wiki/Fulltextové_vyhledávání},
}

@MISC{ w3c-rdf,
  title ={RDF 1.1 Concepts and Abstract Syntax},
  publisher = {W3C},
  year = {2014},
  url = {https://www.w3.org/TR/rdf11-concepts},
}

@MISC{ w3c-linked-data,
  title ={Linked Data},
  publisher = {Tim Berners-Lee},
  year = {2006},
  url = {https://www.w3.org/DesignIssues/LinkedData.html},
}

@MISC{ w3c-linked-data-wiki,
  title ={LinkedData},
  publisher = {W3C},
  year = {2016},
  url = {https://www.w3.org/wiki/LinkedData},
}

@MISC{ w3c-semantic-web-security,
  title ={The Security of the Semantic Web - Secrecy, Trust and Rationality},
  publisher = {W3C},
  year = {2003},
  url = {https://www.w3.org/People/n-shiraishi/work/Security-of-RDF.html},
}

@MISC{ w3c-sparql,
  title ={SPARQL 1.1 Query Language},
  publisher = {W3C},
  year = {2013},
  url = {https://www.w3.org/TR/sparql11-query},
}

@MISC{ w3c-rdfs,
  title ={RDF Schema 1.1},
  publisher = {W3C},
  year = {2014},
  url = {https://www.w3.org/TR/rdf-schema},
}

@MISC{ w3c-owl,
  title ={OWL 2 Web Ontology Language Document Overview (Second Edition)},
  publisher = {W3C},
  year = {2012},
  url = {https://www.w3.org/TR/owl2-overview},
}

@MISC{ rdfjs-data-model,
  title ={RDF/JS: Data model specification},
  publisher = {RDF/JS team},
  year = {2020},
  url = {https://rdf.js.org/data-model-spec},
}

@MISC{ rdf-community,
  title ={Understanding Linked Data Formats},
  publisher = {Angus Addlesee},
  year = {2019},
  url = {https://rdf.community/understanding-linked-data-formats},
}

@article{ scientific-american-article,
  author = {Sir Tim Berners-Lee and James Hendler and Ora Lasilla},
  journal = {Scientific American},
  title = {The Semantic Web},
  publisher = {Scientific American, a division of Nature America, Inc.},
  year = {2001},
  pages = {34-43},
  volume = {2001},
  number = {Vol. 284. No. 5},
  DOI = {https://www.jstor.org/stable/10.2307/26059207},
}

@MISC{ fetch-sparql-endpoint,
  title ={Fetch SPARQL Endpoint repository},
  publisher = {Ruben Taelman},
  year = {2021},
  url = {https://github.com/rubensworks/fetch-sparql-endpoint.js},
}

@MISC{ seco,
  title ={Semantic Computing Research Group},
  publisher = {Semantic Computing Research Group},
  year = {2021},
  url = {https://seco.cs.aalto.fi},
}


@MISC{ elasticsearch,
  title ={Elasticsearch},
  publisher = {Elasticearch},
  year = {2022},
  url = {https://www.elastic.co/elasticsearch},
}


@MISC{ elasticsearch-facet-api,
  title ={Search API facets},
  publisher = {Elasticearch},
  year = {2022},
  url = {https://www.elastic.co/guide/en/app-search/current/facets.html},
}

@MISC{ solr-faceting,
  title ={Solr Faceting},
  publisher = {Solr Apache},
  year = {2017},
  url = {https://solr.apache.org/guide/6_6/faceting.html},
}

@MISC{ sparql-faceter-docs,
  title ={SPARQL Faceter - Client-Side Faceted Search Using SPARQL},
  publisher = {Semantic Computing},
  year = {2018},
  url = {http://semanticcomputing.github.io/angular-semantic-faceted-search},
}

@MISC{ openlink-virtuoso,
  title ={Virutoso OpenLink},
  publisher = {OpenLink},
  year = {2019},
  url = {https://virtuoso.openlinksw.com},
}

@MISC{ dbpedia,
  title ={About DBpedia},
  publisher = {DBPedia},
  year = {2022},
  url = {https://www.dbpedia.org/about},
}

@MISC{ nsi-publish-subscribe,
  title ={Architektury IoT systémů, databáze},
  publisher = {Stanislav Vítek},
  year = {2022},
  url = {https://cw.fel.cvut.cz/wiki/_media/courses/b0b37nsi/lectures/nsi-lec-04.pdf\#page=4},
}

@MISC{ react-hooks,
  title ={Introducing Hooks},
  publisher = {React},
  year = {2019},
  url = {https://reactjs.org/docs/hooks-intro.html},
}

@MISC{ rtk-query,
  title ={React Hooks API},
  publisher = {Redux Toolkit},
  year = {2022},
  url = {https://redux-toolkit.js.org/rtk-query/api/created-api/hooks\#usequery},
}

@MISC{ swr,
  title ={API Options},
  publisher = {SWR},
  year = {2022},
  url = {https://swr.vercel.app/docs/options},
}
